<?xml version="1.0" encoding="UTF-8"?><collection xmlns="http://www.loc.gov/MARC21/slim"><record><leader>00422nam--2200133-i-4500</leader><controlfield tag="001">000008358</controlfield><controlfield tag="002">20161230</controlfield><controlfield tag="005">20161230201027</controlfield><controlfield tag="008">060222s1000------------r-----000-0-eng-d</controlfield><datafield ind1=" " ind2=" " tag="080"><subfield code="a">621.374:621.3.078</subfield></datafield><datafield ind1=" " ind2=" " tag="100"><subfield code="a">Bodenheimer, Robert Edward</subfield></datafield><datafield ind1=" " ind2=" " tag="245"><subfield code="a">Analysis and design of puslse frequency modula ted control systems. a dissertation</subfield></datafield><datafield ind1=" " ind2=" " tag="260"><subfield code="a">An Arbor, Michigan, University Microfilm,1965. Vii + 122 P</subfield></datafield><datafield ind1=" " ind2=" " tag="852"><subfield code="a">28019</subfield></datafield></record></collection>